
@misc{intelligentesversenken,
 author = {J. G. Bridon and Z. A. Correll and C. R. Dubler and Z. K. Gotsch},
 title = {An Artificially Intelligent Battleship Player Utilizing Adaptive Firing and Placement Strategies},
 howpublished = {\url{http://battlestar-ai.googlecode.com/svn/ResearchPaper.pdf}},
 note = {[Online; aufgerufen 26.12.2010]}
}
